@article{humphrey1985early,
  title={The early history of the Phillips curve},
  author={Humphrey, Thomas M},
  journal={Economic review},
  volume={71},
  number={5},
  pages={17--24},
  year={1985}
}
 
@misc{picardo_2019, title={How Inflation and Unemployment are Related}, url={https://www.investopedia.com/articles/markets/081515/how-inflation-and-unemployment-are-related.asp}, journal={Investopedia}, publisher={Investopedia}, author={Picardo, Elvis}, year={2019}, month={May}}

@phdthesis{vaitkute2009infliacijos,
  title={Infliacijos fenomenas ir jo {\k{i}}taka Lietuvos ekonomikai},
  author={Vaitkut{\.e}, Rasa},
  year={2009},
  school={Vytautas Magnus University}
}

@inproceedings{gordon2008history,
  title={The History of the Phillips Curve: An American Perspective},
  author={Gordon, Robert J},
  booktitle={Keynote Address at the Australasian Meetings of the Econometric Society, July},
  volume={9},
  year={2008}
}

@article{kareivaite2007ryvsio,
  title={Ry{\v{s}}io tarp infliacijos ir nedarbo tyrimas Baltijos valstyb{\.e}se},
  author={Kareivait{\.e}, Roberta and Lipskis, Valdas and Rudyt{\.e}, Dalia},
  journal={Ekonomika ir vadyba: aktualijos ir perspektyvos},
  number={1},
  pages={134--142},
  year={2007}
}

@phdthesis{prialgauskas2012nedarbo,
  title={Nedarbo ir infliacijos makroekonomin{\.e} analiz{\.e}. Filipso kreiv{\.e} ir jos reik{\v{s}}m{\.e} ekonomikoje},
  author={Prialgauskas, Aivaras and Panovas, Igoris and Seiranov, Jusif and Kuodis, Raimondas and Dobravolskas, Algis and Davulis, Gediminas},
  year={2012},
  school={Mykolo Romerio universitetas}
}

@ARTICLE {linapaliu2015,
    author  = "Paliulienė L., Endriukaitienė J",
    title   = "INFLIACIJA ŠIUOLAIKINĖSE EKONOMIKOS TEORIJOSE",
    journal = "Profesinės studijos",
    year    = "2015"
}

@article{furuoka2007does,
  title={Does the Phillips curve really exist? New empirical evidence from Malaysia},
  author={Furuoka, Fumitaka and others},
  journal={Economics Bulletin},
  volume={5},
  number={16},
  pages={1--14},
  year={2007},
  publisher={Citeseer}
}

@misc{picardo_2019, title={How Inflation and Unemployment are Related}, url={https://www.investopedia.com/articles/markets/081515/how-inflation-and-unemployment-are-related.asp}, journal={Investopedia}, publisher={Investopedia}, author={Picardo, Elvis}, year={2019}, month={May}}

@ARTICLE {europoscentrinisbankas2017,
    author   = "Europos Centrinis Bankas",
    title    = "Kodėl stabilios kainos svarbu?",
    journal  = "ECB",
    year     = "2017-05-08",
    crossref = "https://www.ecb.europa.eu/explainers/tell-me-more/html/stableprices.lt.html"
}

@article{lacker2007inflation,
  title={Inflation and unemployment: a layperson's guide to the Phillips curve},
  author={Lacker, Jeffrey M and Weinberg, John A},
  journal={FRB Richmond Economic Quarterly},
  volume={93},
  number={3},
  pages={201--227},
  year={2007}
}
